@book{lamport1994,
  author    = {Leslie Lamport},
  title     = {LaTeX: A Document Preparation System},
  year      = {1994},
  publisher = {Addison-Wesley}
}

@article{knuth1974,
  author  = {Donald E. Knuth},
  title   = {Computer Programming as an Art},
  journal = {Communications of the ACM},
  year    = {1974},
  volume  = {17},
  number  = {12},
  pages   = {667--673}
}
@misc{lPolka,
  author       = {Polka},
  title        = {Polka Academy},
  year         = {2024},
  howpublished = {\url{https://polka.academy/articles/497}},
  note         = {Accesso: 18 settembre 2024}
}
@misc{lobrazovka,
  author       = {Obra},
  title        = {Obra},
  year         = {2024},
  howpublished = {\url{https://obrazovaka.ru/books/pushkin/kapitanskaya_dochka}},
  note         = {Accesso: 21 settembre 2024}
}